@Book{Miebach2009,
  author    = {Bernhard Miebach},
  publisher = {{VS} Verlag für Sozialwissenschaften},
  title     = {Prozesstheorie},
  year      = {2009},
  doi       = {10.1007/978-3-531-91842-6},
  groups    = {Prozessmodellierung},
}

@Book{Alhir2003,
  author = {Alhir, Sinan Si},
  title  = {Learning UML},
  year   = {2003},
  isbn   = {9780596003449},
  file   = {:Sinan Si Alhir - Learning UML-O'Reilly Media (2003).pdf:PDF;:Sinan Si Alhir - Learning UML-O'Reilly Media (2003).chm:CHM},
  groups = {UML},
  pages  = {234},
}

@Book{Spitta1989,
  author    = {Spitta, Thorsten},
  publisher = {Springer},
  title     = {Software Engineering und Prototyping Eine Konstruktionslehre für administrative Softwaresysteme},
  year      = {1989},
  isbn      = {9783642955204},
  file      = {:(Springer Compass) Dr.-Ing. Thorsten Spitta (auth.) - Software Engineering und Prototyping_ Eine Konstruktionslehre für administrative Softwaresysteme-Springer-Verlag Berlin Heidelberg (1989).pdf:PDF},
  groups    = {Anforderungsanalyse},
  pages     = {242},
  ranking   = {rank5},
  subtitle  = {Eine Konstruktionslehre für administrative Softwaresysteme},
}

@Book{Hermluth1998,
  author    = {Partsch, Hermluth},
  publisher = {Springer Berlin Heidelberg},
  title     = {Requirements-Engineering systematisch Modellbildung für softwaregestützte Systeme},
  year      = {1998},
  isbn      = {9783662097588},
  file      = {:Prof. Dr. Helmuth Partsch (auth.) - Requirements-Engineering systematisch_ Modellbildung für softwaregestützte Systeme-Springer Berlin Heidelberg (1998).pdf:PDF},
  groups    = {Anforderungsanalyse},
  subtitle  = {Modellbildung für softwaregestützte Systeme},
}

@InProceedings{Malviya2017,
  author    = {Sugandha Malviya and Michael Vierhauser and Jane Cleland-Huang and Smita Ghaisas},
  booktitle = {2017 IEEE 25th International Requirements Engineering Conference},
  title     = {What Questions do Requirements Engineers Ask?},
  year      = {2017},
  month     = {sep},
  publisher = {{IEEE}},
  doi       = {10.1109/re.2017.76},
  file      = {:What_Questions_do_Requirements_Engineers_Ask.pdf:PDF},
  groups    = {Anforderungsanalyse},
}

@TechReport{Christel1992,
  author  = {Michael Christel and Kyo Kang},
  title   = {Issues in Requirements Elicitation},
  year    = {1992},
  address = {Pittsburgh, PA},
  number  = {CMU/SEI-92-TR-012},
  file    = {:Issues in Requirements elicitation1992_005_001_16478.pdf:PDF},
  groups  = {Anforderungsanalyse},
  school  = {Software Engineering Institute, Carnegie Mellon University},
  url     = {http://resources.sei.cmu.edu/library/asset-view.cfm?AssetID=12553},
}

@Book{Macaulay1996,
  author    = {Macaulay, Linda},
  publisher = {Springer},
  title     = {Requirements engineering},
  year      = {1996},
  isbn      = {3540760067},
  file      = {:(Applied Computing) Linda A. Macaulay BSc (Maths), MSc (Comp.Sc), FBCS, CEng (auth.) - Requirements Engineering-Springer-Verlag London (1996).pdf:PDF},
  groups    = {Anforderungsanalyse},
  pages     = {202},
}

@Article{AguilarSaven2004,
  author    = {Ruth Sara Aguilar-Sav{\'{e}}n},
  journal   = {International Journal of Production Economics},
  title     = {Business process modelling: Review and framework},
  year      = {2004},
  month     = {jul},
  number    = {2},
  pages     = {129--149},
  volume    = {90},
  doi       = {10.1016/s0925-5273(03)00102-6},
  file      = {:Business process modelling Review and framework.pdf:PDF},
  groups    = {Prozessmodellierung},
  publisher = {Elsevier {BV}},
}

@Article{Aldin2009,
  author    = {Aldin, Laden and De Cesare, Sergio},
  title     = {A comparative analysis of business process modelling techniques},
  year      = {2009},
  file      = {:A comparative analysis of business process modelling techniques.pdf:PDF},
  groups    = {Anforderungsanalyse},
  publisher = {Ukais},
  url       = {http://bura.brunel.ac.uk/handle/2438/4078},
}

@InProceedings{Hommes,
  author    = {B.-J. Hommes and V. van Reijswoud},
  booktitle = {Proceedings of the 33rd Annual Hawaii International Conference on System Sciences},
  title     = {Assessing the quality of business process modelling techniques},
  publisher = {{IEEE} Comput. Soc},
  doi       = {10.1109/hicss.2000.926591},
  file      = {:Assessing_the_quality_of_business_process_modelling_techniques.pdf:PDF},
  groups    = {Prozessmodellierung},
}

@Article{Giaglis2001,
  author    = {George M. Giaglis},
  journal   = {International Journal of Flexible Manufacturing Systems},
  title     = {A Taxonomy of Business Process Modelingand Information Systems Modeling Techniques},
  year      = {2001},
  number    = {2},
  pages     = {209--228},
  volume    = {13},
  doi       = {10.1023/a:1011139719773},
  file      = {:A Taxonomy of Business Process Modeling and information systems modeling techniques.pdf:PDF},
  groups    = {Prozessmodellierung},
  publisher = {Springer Science and Business Media {LLC}},
}

@Article{Curtis1992,
  author    = {Bill Curtis and Marc I. Kellner and Jim Over},
  journal   = {Communications of the {ACM}},
  title     = {Process modeling},
  year      = {1992},
  month     = {sep},
  number    = {9},
  pages     = {75--90},
  volume    = {35},
  doi       = {10.1145/130994.130998},
  file      = {:process modeling - curtis1992.pdf:PDF},
  groups    = {Prozessmodellierung},
  publisher = {Association for Computing Machinery ({ACM})},
}

@Article{OtextquotesingleNeill1999,
  author    = {Peter O'Neill and Amrik S. Sohal},
  journal   = {Technovation},
  title     = {Business Process Reengineering A review of recent literature},
  year      = {1999},
  month     = {sep},
  number    = {9},
  pages     = {571--581},
  volume    = {19},
  doi       = {10.1016/s0166-4972(99)00059-0},
  file      = {:Business Process Reengineering A review of recent literature.pdf:PDF},
  groups    = {Prozessmodellierung},
  publisher = {Elsevier {BV}},
}

@InProceedings{Davis2006,
  author    = {A. Davis and O. Dieste and A. Hickey and N. Juristo and A.M. Moreno},
  booktitle = {14th International Requirements Engineering Conference},
  title     = {Effectiveness of Requirements Elicitation Techniques: Empirical Results Derived from a Systematic Review},
  year      = {2006},
  month     = {sep},
  publisher = {{IEEE}},
  doi       = {10.1109/re.2006.17},
  file      = {:Effectiveness_of_Requirements_Elicitation_Techniques_Empirical_Results_Derived_from_a_Systematic_Review.pdf:PDF},
  groups    = {Anforderungsanalyse},
}

@Book{Lauesen2002,
  author    = {Lauesen, Soren},
  publisher = {Addison-Wesley Professional},
  title     = {Software Requirements},
  year      = {2002},
  isbn      = {9780201745702},
  file      = {:Soren Lauesen - Software Requirements_ Styles & Techniques-Addison-Wesley Professional (2002).pdf:PDF},
  groups    = {Anforderungsanalyse},
  pages     = {608},
  subtitle  = {Styles and Techniques},
}

@Article{Yousuf2015,
  author    = {Yousuf, Masooma and Asger, M},
  journal   = {International Journal of Computer Applications},
  title     = {Comparison of various requirements elicitation techniques},
  year      = {2015},
  number    = {4},
  volume    = {116},
  file      = {:Comparison of various requirements elicitation techniques.pdf:PDF},
  groups    = {Anforderungsanalyse},
  publisher = {Citeseer},
  url       = {https://citeseerx.ist.psu.edu/document?repid=rep1&type=pdf&doi=1f40d5eea79f89066674e6642785a0348bad1d75},
}

@InCollection{Zowghi,
  author    = {Didar Zowghi and Chad Coulin},
  booktitle = {Engineering and Managing Software Requirements},
  publisher = {Springer-Verlag},
  title     = {Requirements Elicitation: A Survey of Techniques, Approaches, and Tools},
  pages     = {19--46},
  comment   = {Seite 7 Kapitel 2.3 Structured interviews},
  doi       = {10.1007/3-540-28244-0_2},
  file      = {:requirements-elicitation-a-survey-of-techniques-approaches-and-t.pdf:PDF},
  groups    = {Anforderungsanalyse},
  priority  = {prio1},
  ranking   = {rank1},
}

@Article{Zhang2007,
  author    = {Zhang, Zheying},
  journal   = {Software quality management XV: software quality in the knowledge society},
  title     = {Effective requirements development-A comparison of requirements elicitation techniques},
  year      = {2007},
  pages     = {225--240},
  file      = {:Effective requirements development - a comparison of requirements elicitation techniques.pdf:PDF},
  groups    = {Anforderungsanalyse},
  publisher = {Citeseer},
  url       = {https://citeseerx.ist.psu.edu/document?repid=rep1&type=pdf&doi=2ca8e9d5c226863202402acb75585b543751d6fc},
}

@Book{JamesRobertson2012,
  author    = {James Robertson, Suzanne Robertson},
  publisher = {Pearson ITP},
  title     = {Mastering the Requirements Process},
  year      = {2012},
  month     = aug,
  ean       = {9780132942843},
  pagetotal = {576},
  url       = {https://www.ebook.de/de/product/19533703/james_robertson_suzanne_robertson_mastering_the_requirements_process.html},
}

@Article{Tangkawarow2016,
  author    = {I R H T Tangkawarow and J Waworuntu},
  journal   = {{IOP} Conference Series: Materials Science and Engineering},
  title     = {A Comparative of business process modelling techniques},
  year      = {2016},
  month     = {apr},
  pages     = {012010},
  volume    = {128},
  doi       = {10.1088/1757-899x/128/1/012010},
  file      = {:A_Comparative_of_business_process_modelling_techni.pdf:PDF},
  groups    = {Prozessmodellierung},
  publisher = {{IOP} Publishing},
}

@InProceedings{Wang2006,
  author    = {Wei Wang and Hongwei Ding and Jin Dong and Changrui Ren},
  booktitle = {2006 {IEEE} International Conference on Service Operations and Logistics, and Informatics},
  title     = {A Comparison of Business Process Modeling Methods},
  year      = {2006},
  month     = {jun},
  publisher = {{IEEE}},
  doi       = {10.1109/soli.2006.328910},
  file      = {:A Comparison of Business Process Modeling Methods.pdf:PDF},
  groups    = {Prozessmodellierung},
}

@InProceedings{Glinz2007,
  author    = {M. Glinz},
  booktitle = {15th {IEEE} International Requirements Engineering Conference ({RE} 2007)},
  title     = {On Non-Functional Requirements},
  year      = {2007},
  month     = {oct},
  publisher = {{IEEE}},
  doi       = {10.1109/re.2007.45},
  file      = {:On_Non-Functional_Requirements.pdf:PDF},
  groups    = {Non functional Requirements},
}

@InProceedings{Zongyong2007,
  author    = {LI Zong-yong and WANG Zhi-xue and YANG Ying-ying and WU Yue and LIU Ying},
  booktitle = {31st Annual International Computer Software and Applications Conference - Vol. 1- ({COMPSAC} 2007)},
  title     = {Towards a Multiple Ontology Framework for Requirements Elicitation and Reuse},
  year      = {2007},
  month     = {jul},
  publisher = {{IEEE}},
  doi       = {10.1109/compsac.2007.216},
  file      = {:Towards_a_Multiple_Ontology_Framework_for_Requirements_Elicitation_and_Reuse.pdf:PDF},
  groups    = {Anforderungsanalyse},
}

@Misc{Tiwari2017,
  author    = {Tiwari, Saurabh and Rathore, Santosh Singh},
  title     = {A Methodology for the Selection of Requirement Elicitation Techniques},
  year      = {2017},
  copyright = {Creative Commons Zero v1.0 Universal},
  doi       = {10.48550/ARXIV.1709.08481},
  file      = {:A Methodology for the Selection of Requirement Elicitation Techniques.pdf:PDF},
  groups    = {Anforderungsanalyse},
  keywords  = {Software Engineering (cs.SE), FOS: Computer and information sciences, FOS: Computer and information sciences},
  publisher = {arXiv},
}

@Article{Browne2001,
  author    = {Glenn J. Browne and Michael B. Rogich},
  journal   = {Journal of Management Information Systems},
  title     = {An Empirical Investigation of User Requirements Elicitation: Comparing the Effectiveness of Prompting Techniques},
  year      = {2001},
  month     = {mar},
  number    = {4},
  pages     = {223--249},
  volume    = {17},
  doi       = {10.1080/07421222.2001.11045665},
  file      = {:an-empirical-investigation-of-user-requirements-elicitation-comp-2001.pdf:PDF},
  groups    = {Anforderungsanalyse},
  publisher = {Informa {UK} Limited},
}

@Article{HICKEY2004,
  author    = {ANN M. HICKEY and ALAN M. DAVIS},
  journal   = {Journal of Management Information Systems},
  title     = {A Unified Model of Requirements Elicitation},
  year      = {2004},
  month     = {mar},
  number    = {4},
  pages     = {65--84},
  volume    = {20},
  doi       = {10.1080/07421222.2004.11045786},
  file      = {:A Unified Model of Requirements Elicitation.pdf:PDF},
  groups    = {Anforderungsanalyse},
  publisher = {Informa {UK} Limited},
}

@InCollection{Rosing2015,
  author    = {Mark von Rosing and Stephen White and Fred Cummins and Henk de Man},
  booktitle = {The Complete Business Process Handbook},
  publisher = {Elsevier},
  title     = {Business Process Model and Notation{\textemdash}{BPMN}},
  year      = {2015},
  pages     = {433--457},
  doi       = {10.1016/b978-0-12-799959-3.00021-5},
  file      = {:Business Process Model and Notation.pdf:PDF},
  groups    = {BPMN},
}

@Book{Fowler2003,
  author    = {Fowler, Martin},
  publisher = {Addison-Wesley Professional},
  title     = {UML Distilled},
  year      = {2003},
  isbn      = {9780321193681},
  file      = {:Martin Fowler - UML Distilled_ A Brief Guide to the Standard Object Modeling Language (3rd Edition) -Addison-Wesley Professional (2003).epub:ePUB},
  groups    = {UML},
  pages     = {208},
  subtitle  = {A Brief Guide to the Standard Object Modeling Language (3rd Edition) (The Addison-Wesley Object Technology Series)},
}

@Article{Russell2006,
  author    = {Russell, Nicholas and Van der Aalst, Wil and Ter Hofstede, Arthur and Wohed, Petia},
  journal   = {Conceptual Modelling 2006: Proceedings of APCCM2006},
  title     = {On the suitability of UML 2.0 activity diagrams for business process modelling},
  year      = {2006},
  pages     = {95--104},
  file      = {:On the suitability of UML 2.0 activity diagrams for business process modelling.pdf:PDF},
  groups    = {UML},
  publisher = {Australian Computer Society},
}

@Book{Weske2012,
  author    = {Weske, Mathias},
  publisher = {Springer Science \& Business Media},
  title     = {Business Process Management: Concepts, Languages, Architectures},
  year      = {2012},
  file      = {:Mathias Weske (auth.) - Business Process Management_ Concepts, Languages, Architectures-Springer-Verlag Berlin Heidelberg (2012).pdf:PDF},
  groups    = {UML},
}

@Book{Dumas2013,
  author    = {Dumas, Marlon},
  publisher = {Springer Berlin Heidelberg},
  title     = {Fundamentals of Business Process Management},
  year      = {2013},
  isbn      = {9783642331435},
  file      = {:Marlon Dumas, Marcello La Rosa, Jan Mendling, Hajo A. Reijers (auth.) - Fundamentals of Business Process Management-Springer-Verlag Berlin Heidelberg (2013).pdf:PDF},
  groups    = {Prozessmodellierung},
  pages     = {399},
}

@InProceedings{List2006,
  author    = {Beate List and Birgit Korherr},
  booktitle = {Proceedings of the 2006 {ACM} symposium on Applied computing},
  title     = {An evaluation of conceptual business process modelling languages},
  year      = {2006},
  month     = {4},
  publisher = {{ACM}},
  doi       = {10.1145/1141277.1141633},
  file      = {:An evaluation of conceptual business process modelling languages.pdf:PDF},
  groups    = {Prozessmodellierung},
}

@Misc{OMG2017,
  author       = {{Object Management Group}},
  howpublished = {\url{https://www.omg.org/spec/UML/2.5.1/}},
  month        = {12},
  note         = {Accessed on May 3, 2023},
  title        = {{About the Unified Modeling Language Specification}},
  year         = {2017},
  file         = {:UML-specification-17-12-05.pdf:PDF},
  groups       = {UML},
}

@Article{Chinosi2012,
  author    = {Michele Chinosi and Alberto Trombetta},
  journal   = {Computer Standards {\&}amp$\mathsemicolon$ Interfaces},
  title     = {{BPMN}: An introduction to the standard},
  year      = {2012},
  month     = {1},
  number    = {1},
  pages     = {124--134},
  volume    = {34},
  doi       = {10.1016/j.csi.2011.06.002},
  file      = {:BPMN An introduction to the standard.pdf:PDF},
  groups    = {BPMN},
  publisher = {Elsevier {BV}},
}

@InProceedings{Peixoto2008,
  author    = {Daniela C. C. Peixoto and Vitor A. Batista and Ana P. Atayde and Eduardo P. Borges and Rodolfo F. Resende and Clarindo Isa{\'{i}}as P. S. P{\'{a}}dua},
  booktitle = {Anais do {VII} Simp{\'{o}}sio Brasileiro de Qualidade de Software ({SBQS} 2008)},
  title     = {A Comparison of {BPMN} and {UML} 2.0 Activity Diagrams},
  year      = {2008},
  month     = {6},
  publisher = {Sociedade Brasileira de Computa{\c{c}}{\~{a}}o - {SBC}},
  doi       = {10.5753/sbqs.2008.15531},
  file      = {:A Comparison of BPMN and UML 2.0 Activity Diagrams.pdf:PDF},
  groups    = {Comparisons},
}

@Book{Kvale2009,
  author    = {Kvale, Steinar},
  publisher = {Sage Pubns},
  title     = {InterViews: Learning the Craft of Qualitative Research Interviewing},
  year      = {2009},
  isbn      = {9780761925422},
  file      = {:Steinar Kvale, Svend Brinkmann - InterViews_ Learning the Craft of Qualitative Research Interviewing-SAGE Publications, Inc (2008).pdf:PDF},
  groups    = {Prozessmodellierung},
  pages     = {344},
  subtitle  = {An Introduction to Qualitative Research Interviewing},
}

@Article{Niziol2021,
  author  = {Nizio{\l}, Marcin and Wisniewski, Piotr and Kluza, Krzysztof and Ligeza, Antoni},
  journal = {Annals of Computer Science and Information Systems},
  title   = {Characteristic and comparison of UML, BPMN and EPC based on process models of a training company},
  year    = {2021},
  pages   = {193--200},
  volume  = {26},
  file    = {:Characteristic and comparison of UML, BPMN and EPC based on process models of a training company.pdf:PDF},
  groups  = {Comparisons},
}

@Book{Denzin1978,
  author    = {Denzin, Norman K},
  publisher = {McGraw-Hill},
  title     = {The research act: A theoretical introduction to sociological methods},
  year      = {1978},
  groups    = {Fragendesign},
}

@Book{Creswell2014,
  author    = {Creswell, John W.},
  publisher = {SAGE Publications},
  title     = {Research design : qualitative, quantitative and mixed methods approaches - 4th edition},
  year      = {2014},
  isbn      = {9781452226095},
  file      = {:Research-Design_Qualitative-Quantitative-and-Mixed-Methods-Approaches.pdf:PDF},
  groups    = {Fragendesign},
  pages     = {304},
}

@Book{Seidman2006,
  author    = {Seidman, Irving},
  publisher = {Teachers College Press},
  title     = {Interviewing As Qualitative Research},
  year      = {2006},
  edition   = {3},
  isbn      = {9780807746660},
  file      = {:Interviewing As Qualitative Research.pdf:PDF},
  groups    = {Fragendesign},
  pages     = {162},
  subtitle  = {A Guide for Researchers in Education And the Social Sciences},
}

@article{Jadhav2011,
  title={Business process discovery},
  author={Jadhav, Sandeep},
  journal={BP Trends (February)},
  year={2011}
}

@Article{Aalst2012,
  author    = {Wil van der Aalst},
  journal   = {{ACM} Transactions on Management Information Systems},
  title     = {Process Mining},
  year      = {2012},
  month     = {7},
  number    = {2},
  pages     = {1--17},
  volume    = {3},
  doi       = {10.1145/2229156.2229157},
  file      = {:Process Mining Overview and Opportunities.pdf:PDF},
  publisher = {Association for Computing Machinery ({ACM})},
}





}
@Comment{jabref-meta: databaseType:bibtex;}

@Comment{jabref-meta: grouping:
0 AllEntriesGroup:;
1 StaticGroup:Anforderungsanalyse\;0\;1\;0x8a8a8aff\;\;\;;
2 StaticGroup:Non functional Requirements\;0\;1\;0x8a8a8aff\;\;\;;
1 StaticGroup:Prozessmodellierung\;0\;1\;0x8a8a8aff\;\;\;;
2 StaticGroup:BPMN\;0\;1\;0x8a8a8aff\;\;\;;
2 StaticGroup:Comparisons\;0\;1\;0x8a8a8aff\;\;\;;
2 StaticGroup:Fragendesign\;0\;1\;0x8a8a8aff\;\;\;;
2 StaticGroup:UML\;0\;1\;0x8a8a8aff\;\;Dokumente zu UML\;;
}
